@inproceedings{van2007experimental,
  title={Experimental perspectives on learning from imbalanced data},
  author={Van Hulse, Jason and Khoshgoftaar, Taghi M and Napolitano, Amri},
  booktitle={Proceedings of the 24th international conference on Machine learning},
  pages={935--942},
  year={2007},
  organization={ACM}
}

@article{guo2004learning,
  title={Learning from imbalanced data sets with boosting and data generation: the DataBoost-IM approach},
  author={Guo, Hongyu and Viktor, Herna L},
  journal={ACM SIGKDD Explorations Newsletter},
  volume={6},
  number={1},
  pages={30--39},
  year={2004},
  publisher={ACM}
}

@article{rao2012novel,
  title={A Novel Class Imbalance Learning Method using Subset Filtering},
  author={Rao, K Nageswara},
  year={2012},
  publisher={Citeseer}
}


@article{knauff2014efficiency,
  title={An Efficiency Comparison of Document Preparation Systems Used in Academic Research and Development},
  author={Knauff, Markus and Nejasmic, Jelica},
  journal={PloS one},
  volume={9},
  number={12},
  pages={e115069},
  year={2014},
  publisher={Public Library of Science}
}

@article{brischoux2009don,
  title={Don't Format Manuscripts},
  author={Brischoux, Fran{\c{c}}ois and Legagneux, Pierre},
  journal={The Scientist},
  volume={23},
  number={7},
  pages={24},
  year={2009}
}